<record><leader>00000cas a22000007a 4500</leader><controlfield tag="001">16815213</controlfield><controlfield tag="008">871006d18801884ohuwr ne      0    0eng d</controlfield><datafield ind1=" " ind2=" " tag="010"><subfield code="a">sn 87076727 </subfield></datafield><datafield ind1=" " ind2=" " tag="040"><subfield code="a">ONP</subfield><subfield code="b">eng</subfield><subfield code="c">ONP</subfield><subfield code="d">OCLCQ</subfield></datafield><datafield ind1=" " ind2=" " tag="042"><subfield code="a">msc</subfield></datafield><datafield ind1="0" ind2="4" tag="245"><subfield code="a">The Sandusky journal.</subfield></datafield><datafield ind1=" " ind2=" " tag="260"><subfield code="a">Sandusky, Ohio :</subfield><subfield code="b">Layman Bros.,</subfield><subfield code="c">1880-</subfield></datafield><datafield ind1=" " ind2=" " tag="310"><subfield code="a">Weekly</subfield></datafield><datafield ind1="0" ind2=" " tag="362"><subfield code="a">Vol. 14, no. 20 (Jan. 8, 1880)-</subfield></datafield><datafield ind1="1" ind2=" " tag="362"><subfield code="a">Ceased in 1884?</subfield></datafield><datafield ind1=" " ind2=" " tag="752"><subfield code="a">United States</subfield><subfield code="b">Ohio</subfield><subfield code="c">Erie</subfield><subfield code="d">Sandusky.</subfield></datafield><datafield ind1="0" ind2="0" tag="780"><subfield code="t">Sandusky weekly journal (Sandusky, Ohio : 1878)</subfield><subfield code="w">(DLC)sn 84028047</subfield></datafield><datafield ind1="0" ind2="0" tag="785"><subfield code="t">Sandusky weekly journal (Sandusky, Ohio : 1885)</subfield><subfield code="w">(DLC)sn 87076728</subfield></datafield></record>